<?xml version="1.0" encoding="UTF-8"?><collection xmlns="http://www.loc.gov/MARC21/slim"><record><leader>00546nam--2200205-u-4500</leader><controlfield tag="001">000053361</controlfield><controlfield tag="002">20161230</controlfield><controlfield tag="005">20161230201051</controlfield><controlfield tag="008">110315s1000------------r-----000-0-rum-d</controlfield><datafield ind1=" " ind2=" " tag="020"><subfield code="a">9738150973</subfield></datafield><datafield ind1=" " ind2=" " tag="040"><subfield code="a">IFIN-HH</subfield></datafield><datafield ind1=" " ind2=" " tag="041"><subfield code="a">rum</subfield></datafield><datafield ind1=" " ind2=" " tag="080"><subfield code="a">53.043</subfield></datafield><datafield ind1="1" ind2=" " tag="100"><subfield code="a">Borsos, Zoltan</subfield></datafield><datafield ind1="1" ind2="0" tag="245"><subfield code="a">Fenomene fizice fundamentale</subfield><subfield code="c">Zoltan borsos; mihai hotinceanu; ion simaciu</subfield></datafield><datafield ind1=" " ind2=" " tag="260"><subfield code="a">Ploiesti</subfield><subfield code="b">Editura Universitatii Din Ploiesti</subfield><subfield code="c">2003</subfield></datafield><datafield ind1=" " ind2=" " tag="300"><subfield code="a">202P</subfield></datafield><datafield ind1="1" ind2=" " tag="700"><subfield code="a">Simaciu, Ion</subfield></datafield><datafield ind1=" " ind2=" " tag="852"><subfield code="a">81574</subfield><subfield code="c">53</subfield></datafield><datafield ind1=" " ind2=" " tag="CAT"><subfield code="a">Sys</subfield><subfield code="c">20110315</subfield><subfield code="h">160915</subfield></datafield></record></collection>